@misc{template,
  author       = {Juan Mier},
  howpublished = {\url{https://github.com/miermontoto/latexTemplate}},
  title        = {{latexTemplate}},
  year         = {2024},
  note		     = {Plantilla de \LaTeX{} personal para trabajos académicos}
}

@unpublished{mier2024anomalias,
  author       = {Juan Mier},
  note         = {{Segunda entrega de teoría de la asignatura Inteligencia de Negocio, EPI Gijón, curso 23-24}},
  title        = {Minería de anomalías},
  year         = {2024},
  howpublished = {\url{https://github.com/miermontoto/neg-teo-ii}}
}

@unpublished{mier2023dashboards,
  author = {Juan Mier},
  note   = {{Primera entrega de teoría de la asignatura Inteligencia de Negocio, EPI Gijón, curso 23-24}},
  title  = {{Presentación de datos: dashboards y procesos ETL}},
  year   = {2023},
  annote = {\url{https://github.com/miermontoto/Negocio/blob/master/entregas/primera/NEG2324UO283319T1.pdf}}
}

@misc{enwiki:1211227190,
  author = "{Wikipedia contributors}",
  title = "DIKW pyramid --- {Wikipedia}{,} The Free Encyclopedia",
  year = "2024",
  howpublished = "\url{https://en.wikipedia.org/w/index.php?title=DIKW_pyramid&oldid=1211227190}",
  note = "[Online; accessed 7-April-2024]"
}

@article{pwint2018data,
  author = {Khine, Pwint and Wang, Zhao},
  year = {2018},
  month = {01},
  pages = {03025},
  title = {Data lake: a new ideology in big data era},
  volume = {17},
  journal = {ITM Web of Conferences},
  doi = {10.1051/itmconf/20181703025}
}
